{
  "leader": "03824cam a2200493 a 4500",
  "fields": [
    {
      "001": "ocm32546708\\"
    },
    {
      "003": "OCoLC"
    },
    {
      "005": "20220630114924.0"
    },
    {
      "008": "950505s1995\\\\\\\\njua\\\\\\\\\\b\\\\\\\\101\\0\\eng\\\\"
    },
    {
      "010": {
        "ind1": "\\",
        "ind2": "\\",
        "subfields": [
          {
            "a": "   95019204 "
          }
        ]
      }
    },
    {
      "040": {
        "ind1": "\\",
        "ind2": "\\",
        "subfields": [
          {
            "a": "DLC"
          },
          {
            "b": "eng"
          },
          {
            "c": "DLC"
          },
          {
            "d": "UBA"
          },
          {
            "d": "BTCTA"
          },
          {
            "d": "YDXCP"
          },
          {
            "d": "BAKER"
          },
          {
            "d": "OCLCQ"
          },
          {
            "d": "GBVCP"
          },
          {
            "d": "VMC"
          },
          {
            "d": "BDX"
          },
          {
            "d": "OCLCO"
          },
          {
            "d": "OCLCF"
          },
          {
            "d": "OCLCQ"
          },
          {
            "d": "OCLCO"
          },
          {
            "d": "OCL"
          },
          {
            "d": "OCLCO"
          },
          {
            "d": "QGK"
          },
          {
            "d": "OCLCQ"
          },
          {
            "d": "GILDS"
          },
          {
            "d": "OCLCO"
          }
        ]
      }
    },
    {
      "019": {
        "ind1": "\\",
        "ind2": "\\",
        "subfields": [
          {
            "a": "494289794"
          }
        ]
      }
    },
    {
      "020": {
        "ind1": "\\",
        "ind2": "\\",
        "subfields": [
          {
            "a": "0805820302"
          },
          {
            "q": "(alk. paper)"
          }
        ]
      }
    },
    {
      "020": {
        "ind1": "\\",
        "ind2": "\\",
        "subfields": [
          {
            "a": "9780805820300"
          },
          {
            "q": "(alk. paper)"
          }
        ]
      }
    },
    {
      "020": {
        "ind1": "\\",
        "ind2": "\\",
        "subfields": [
          {
            "a": "0805820310"
          }
        ]
      }
    },
    {
      "020": {
        "ind1": "\\",
        "ind2": "\\",
        "subfields": [
          {
            "a": "9780805820317"
          }
        ]
      }
    },
    {
      "024": {
        "ind1": "8",
        "ind2": "\\",
        "subfields": [
          {
            "a": "ZBWT00676686"
          }
        ]
      }
    },
    {
      "035": {
        "ind1": "\\",
        "ind2": "\\",
        "subfields": [
          {
            "a": "(OCoLC)32546708"
          },
          {
            "z": "(OCoLC)494289794"
          }
        ]
      }
    },
    {
      "043": {
        "ind1": "\\",
        "ind2": "\\",
        "subfields": [
          {
            "a": "n-us---"
          }
        ]
      }
    },
    {
      "050": {
        "ind1": "0",
        "ind2": "0",
        "subfields": [
          {
            "a": "HE7781"
          },
          {
            "b": ".T68 1995"
          }
        ]
      }
    },
    {
      "082": {
        "ind1": "0",
        "ind2": "0",
        "subfields": [
          {
            "a": "384.0973"
          },
          {
            "b": "TOW"
          }
        ]
      }
    },
    {
      "245": {
        "ind1": "0",
        "ind2": "0",
        "subfields": [
          {
            "a": "Toward a competitive telecommunication industry :"
          },
          {
            "b": "selected papers from the 1994 Telecommunications Policy Research Conference /"
          },
          {
            "c": "[edited by] Gerald W. Brock."
          }
        ]
      }
    },
    {
      "260": {
        "ind1": "\\",
        "ind2": "\\",
        "subfields": [
          {
            "a": "Hillsdale, N.J. :"
          },
          {
            "b": "Lawrence Erlbaum Associates,"
          },
          {
            "c": "1995."
          }
        ]
      }
    },
    {
      "300": {
        "ind1": "\\",
        "ind2": "\\",
        "subfields": [
          {
            "a": "xii, 392 pages :"
          },
          {
            "b": "illustrations ;"
          },
          {
            "c": "23 cm."
          }
        ]
      }
    },
    {
      "336": {
        "ind1": "\\",
        "ind2": "\\",
        "subfields": [
          {
            "a": "text"
          },
          {
            "b": "txt"
          },
          {
            "2": "rdacontent"
          }
        ]
      }
    },
    {
      "337": {
        "ind1": "\\",
        "ind2": "\\",
        "subfields": [
          {
            "a": "unmediated"
          },
          {
            "b": "n"
          },
          {
            "2": "rdamedia"
          }
        ]
      }
    },
    {
      "338": {
        "ind1": "\\",
        "ind2": "\\",
        "subfields": [
          {
            "a": "volume"
          },
          {
            "b": "nc"
          },
          {
            "2": "rdacarrier"
          }
        ]
      }
    },
    {
      "490": {
        "ind1": "1",
        "ind2": "\\",
        "subfields": [
          {
            "a": "Telecommunications"
          }
        ]
      }
    },
    {
      "504": {
        "ind1": "\\",
        "ind2": "\\",
        "subfields": [
          {
            "a": "Includes bibliographical references and index."
          }
        ]
      }
    },
    {
      "505": {
        "ind1": "0",
        "ind2": "0",
        "subfields": [
          {
            "t": "Introduction /"
          },
          {
            "r": "Gerald W. Brock --"
          },
          {
            "t": "Pricing strategies and regulatory effects in the U.S. cellular telecommunications duopolies /"
          },
          {
            "r": "L. Keta Ruiz --"
          },
          {
            "t": "Critical mass and network evolution in telecommunications /"
          },
          {
            "r": "Nicholas Economides & Charles Himmelberg --"
          },
          {
            "t": "Competition in local telecommunications: implications of unbundling for antitrust policy /"
          },
          {
            "r": "Robert G. Harris, Gregory L. Rosston & David J. Teece --"
          },
          {
            "t": "Regulation of pricing of interconnection services /"
          },
          {
            "r": "Bridger Mitchell [and others] --"
          },
          {
            "t": "Local exchange competition: alternative models in Maryland /"
          },
          {
            "r": "Richard L. Comerman & Geoffrey J. Waldau --"
          },
          {
            "t": "The U.S. stake in competitive global telecommunications /"
          },
          {
            "r": "John Haring, Jeffrey H. Rohlfs & Harry M. Shooshan III --"
          },
          {
            "t": "Changing face of transatlantic telecommunications /"
          },
          {
            "r": "Richard A. Cawley --"
          },
          {
            "t": "Anatomy and regulatory repercussions of global telecommunications strategies /"
          },
          {
            "r": "Johannes M. Bauer --"
          },
          {
            "t": "Universal service: prosaic motives and great ideals /"
          },
          {
            "r": "Harmeet Sawhney --"
          },
          {
            "t": "Universal service as an appropriability problem: a new framework for analysis /"
          },
          {
            "r": "Milton Mueller --"
          },
          {
            "t": "Access to telecommunications in the developing world: ten years after the Maitland Report /"
          },
          {
            "r": "Heather E. Hudson --"
          },
          {
            "t": "Internet cost structures and interconnection agreements /"
          },
          {
            "r": "Padmanaghan Srinagesh --"
          },
          {
            "t": "Realizing the information future: technology, economics, and the Open Data Network /"
          },
          {
            "r": "Marjory S. Blumenthal --"
          },
          {
            "t": "Roles for electronic brokers /"
          },
          {
            "r": "Paul Resnick, Richard Zeckhauser & Chris Avery --"
          },
          {
            "t": "Game theory and the First Amendment: strategic considerations and freedom of the press /"
          },
          {
            "r": "Timothy J. Brennan --"
          },
          {
            "t": "Lost on the infobahn without a map: the need for a coherent First Amendment approach /"
          },
          {
            "r": "Robert Corn-Revere."
          }
        ]
      }
    },
    {
      "650": {
        "ind1": "\\",
        "ind2": "0",
        "subfields": [
          {
            "a": "Telecommunication policy"
          },
          {
            "z": "United States"
          },
          {
            "v": "Congresses."
          }
        ]
      }
    },
    {
      "650": {
        "ind1": "\\",
        "ind2": "0",
        "subfields": [
          {
            "a": "Telecommunication policy"
          },
          {
            "v": "Congresses."
          }
        ]
      }
    },
    {
      "650": {
        "ind1": "\\",
        "ind2": "7",
        "subfields": [
          {
            "a": "Telecommunication policy."
          },
          {
            "2": "fast"
          },
          {
            "0": "(OCoLC)fst01146029"
          }
        ]
      }
    },
    {
      "651": {
        "ind1": "\\",
        "ind2": "7",
        "subfields": [
          {
            "a": "United States."
          },
          {
            "2": "fast"
          },
          {
            "0": "(OCoLC)fst01204155"
          }
        ]
      }
    },
    {
      "655": {
        "ind1": "\\",
        "ind2": "7",
        "subfields": [
          {
            "a": "Conference papers and proceedings."
          },
          {
            "2": "fast"
          },
          {
            "0": "(OCoLC)fst01423772"
          }
        ]
      }
    },
    {
      "700": {
        "ind1": "1",
        "ind2": "\\",
        "subfields": [
          {
            "a": "Brock, Gerald W."
          }
        ]
      }
    },
    {
      "711": {
        "ind1": "2",
        "ind2": "\\",
        "subfields": [
          {
            "a": "Telecommunications Policy Research Conference"
          },
          {
            "n": "(22nd :"
          },
          {
            "d": "1994)"
          }
        ]
      }
    },
    {
      "776": {
        "ind1": "0",
        "ind2": "8",
        "subfields": [
          {
            "i": "Online version:"
          },
          {
            "t": "Toward a competitive telecommunication industry."
          },
          {
            "d": "Hillsdale, N.J. : Lawrence Erlbaum Associates, 1995"
          },
          {
            "w": "(OCoLC)698024241"
          }
        ]
      }
    },
    {
      "830": {
        "ind1": "\\",
        "ind2": "0",
        "subfields": [
          {
            "a": "Telecommunications (Mahwah, N.J.)"
          }
        ]
      }
    },
    {
      "856": {
        "ind1": "4",
        "ind2": "1",
        "subfields": [
          {
            "3": "Table of contents"
          },
          {
            "u": "http://www.gbv.de/dms/bowker/toc/9780805820300.pdf"
          }
        ]
      }
    },
    {
      "856": {
        "ind1": "4",
        "ind2": "2",
        "subfields": [
          {
            "3": "Publisher description"
          },
          {
            "u": "http://catdir.loc.gov/catdir/enhancements/fy0742/95019204-d.html"
          }
        ]
      }
    },
    {
      "994": {
        "ind1": "\\",
        "ind2": "\\",
        "subfields": [
          {
            "a": "Z0"
          },
          {
            "b": "NYRVC"
          }
        ]
      }
    },
    {
      "948": {
        "ind1": "\\",
        "ind2": "\\",
        "subfields": [
          {
            "h": "NO HOLDINGS IN NYRVC - 157 OTHER HOLDINGS"
          }
        ]
      }
    },
    {
      "999": {
        "ind1": "\\",
        "ind2": "\\",
        "subfields": [
          {
            "a": "00000000022698"
          }
        ]
      }
    }
  ]
}